<?xml version="1.0" encoding="UTF-8"?><collection xmlns="http://www.loc.gov/MARC21/slim"><record><leader>00304nam--2200109-i-4500</leader><controlfield tag="001">000040879</controlfield><controlfield tag="002">20161230</controlfield><controlfield tag="005">20161230201042</controlfield><controlfield tag="008">060222s1000------------r-----000-0-eng-d</controlfield><datafield ind1=" " ind2=" " tag="245"><subfield code="a">La science contemporaine. les sciences physiques et leurs appl</subfield></datafield><datafield ind1=" " ind2=" " tag="260"><subfield code="a">Paris, Libraire Larousse, 1964. 360 P</subfield></datafield><datafield ind1=" " ind2=" " tag="852"><subfield code="a">20367</subfield></datafield></record></collection>